@book{brahnam2014local,
  title={Local binary patterns: new variants and applications},
  author={Brahnam, Sheryl and Jain, Lakhmi C and Nanni, Loris and Lumini, Alessandra},
  volume={506},
  year={2014},
  publisher={Springer}
}


@incollection{heikkila2014local,
  title={Local Phase Quantization for Blur Insensitive Texture Description},
  author={Heikkil{\"a}, Janne and Rahtu, Esa and Ojansivu, Ville},
  booktitle={Local Binary Patterns: New Variants and Applications},
  pages={49--84},
  year={2014},
  publisher={Springer}
}

@incollection{ojansivu2008blur,
  title={Blur insensitive texture classification using local phase quantization},
  author={Ojansivu, Ville and Heikkil{\"a}, Janne},
  booktitle={Image and signal processing},
  pages={236--243},
  year={2008},
  publisher={Springer}
}